@misc {sacaa-drone-regs,
	title={{Remotely Piloted Aircraft Systems (RPAS) Regulation - Part 101}}, 
	author={{South African Civil Aviation Authority}},
	year={2015},
	month={June},
}

@article{Lepetit2008,
	author = {Lepetit, Vincent and Moreno-Noguer, Francesc and Fua, Pascal},
	issn = {0920-5691},
	journal = {International Journal of Computer Vision},
	month = {July},
	number = {2},
	pages = {155--166},
	title = {{EPnP: An Accurate O(n) Solution to the PnP Problem}},
	url = {http://link.springer.com/10.1007/s11263-008-0152-6},
	volume = {81},
	year = {2008}
}

@article{Schweighofer2006,
	author = {Schweighofer, Gerald and Pinz, Axel},
	number = {12},
	pages = {2024--2030},
	title = {{Robust Pose Estimation from a Planar Target}},
	volume = {28},
	year = {2006}
}

@article{turing1950computing,
	title={Computing machinery and intelligence},
	author={Turing, Alan M},
	journal={Mind},
	pages={433--460},
	year={1950},
	publisher={JSTOR}
}

@book{michalski2013machine,
	title={Machine learning: An artificial intelligence approach},
	author={Michalski, Ryszard S and Carbonell, Jaime G and Mitchell, Tom M},
	year={2013},
	publisher={Springer Science \& Business Media}
}


@article{Pounds2010c,
	author = {Pounds, P. and Mahony, R. and Corke, P.},
	journal = {Control Engineering Practice},
	keywords = {Aerospace,Control,Dynamics,Robotics,Unmanned vehicles},
	number = {7},
	pages = {691--699},
	title = {{Modelling and control of a large quadrotor robot}},
	volume = {18},
	year = {2010}
}

@article{hamel2002dynamic,
	title={DYNAMIC MODELLING AND CONFIGURATION STABILIZATION FOR AN X4-FLYER.},
	author={Hamel, Tarek and Mahony, Robert and Lozano, Rogelio and Ostrowski, James},
	journal={a a},
	volume={1},
	number={2},
	pages={3},
	year={2002}
}

@inproceedings{bouabdallah2004pid,
	title={PID vs LQ control techniques applied to an indoor micro quadrotor},
	author={Bouabdallah, Samir and Noth, Andre and Siegwart, Roland},
	booktitle={Intelligent Robots and Systems, 2004.(IROS 2004). Proceedings. 2004 IEEE/RSJ International Conference on},
	volume={3},
	pages={2451--2456},
	year={2004},
	organization={IEEE}
}

@article{raffo2010integral,
	title={An integral predictive/nonlinear {Hinf} control structure for a quadrotor helicopter},
	author={Raffo, Guilherme V and Ortega, Manuel G and Rubio, Francisco R},
	journal={Automatica},
	volume={46},
	number={1},
	pages={29--39},
	year={2010},
	publisher={Elsevier}
}
